@article{moore,
  author = {G. E. Moore},
  journal = {Electronics},
  number = 8,
  title = {Cramming more components onto integrated circuits},
  volume = 38,
  year = 1965,
  keywords = {www01 wwwbuch wwwkap1},
  added-at = {2009-01-04T17:09:31.000+0100},
  biburl = {http://www.bibsonomy.org/bibtex/2867f7a1c71867074780e958c5cec38e4/lysander07},
  month = {April}
}

@MISC{HSPICE,
  title = {http://www.synopsys.com/Tools/Verification/AMSVerification/\\CircuitSimulation/HSPICE/Pages/default.aspx}
}
